@inproceedings{lee2008cyber,
  title={Cyber physical systems: Design challenges},
  author={Lee, Edward A},
  booktitle={2008 11th IEEE international symposium on object and component-oriented real-time distributed computing (ISORC)},
  pages={363--369},
  year={2008},
  organization={IEEE}
}
@inproceedings{gustafsson2010malardalen,
  title={The M{\"a}lardalen WCET benchmarks: Past, present and future},
  author={Gustafsson, Jan and Betts, Adam and Ermedahl, Andreas and Lisper, Bj{\"o}rn},
  booktitle={10th International Workshop on Worst-Case Execution Time Analysis (WCET 2010)},
  year={2010},
  organization={Schloss Dagstuhl-Leibniz-Zentrum fuer Informatik}
}
@article{macrocell2007etmv1,
  title={ETMv1. 0 to ETMv3. 4, architecture specification},
  author={Macrocell, Embedded Trace},
  journal={ARM Limited},
  year={2007}
}
@inproceedings{schlatow2018data,
  title={Data-age analysis and optimisation for cause-effect chains in automotive control systems},
  author={Schlatow, Johannes and Mostl, Mischa and Tobuschat, Sebastian and Ishigooka, Tasuku and Ernst, Rolf},
  booktitle={2018 IEEE 13th international symposium on industrial embedded systems (SIES)},
  pages={1--9},
  year={2018},
  organization={IEEE}
}
@inproceedings{shah2014measurement,
  title={Measurement based WCET analysis for multi-core architectures},
  author={Shah, Hardik and Coombes, Andrew and Raabe, Andreas and Huang, Kai and Knoll, Alois},
  booktitle={Proceedings of the 22Nd International Conference on Real-Time Networks and Systems},
  pages={257--266},
  year={2014}
}
@inproceedings{bunte2011let,
  title={Let's get less optimistic in measurement-based timing analysis},
  author={B{\"u}nte, Sven and Zolda, Michael and Kirner, Raimund},
  booktitle={2011 6th IEEE International Symposium on Industrial and Embedded Systems},
  pages={204--212},
  year={2011},
  organization={IEEE}
}
@misc{arm2020tpiu,
  title={External Trace Width and Bandwidth},
  author={Arm, LTD},
  year={2020}
}
