%% LaTeX2e file `ref.bib'
%% generated by the `filecontents' environment
%% from source `presentation' on 2023/02/26.
%%
    @inproceedings{dechev2006lock,
    title={Lock-free dynamically resizable arrays},
    author={Dechev, Damian and Pirkelbauer, Peter and Stroustrup, Bjarne},
    booktitle={OPODIS},
    volume={4305},
    pages={142--156},
    year={2006},
    organization={Springer}
    }
    @article{mckenney2017parallel,
    title={Is Parallel Programming Hard, And, If So, What Can You Do About It?(Release v2022. 09.25 a)},
    author={McKenney, Paul E},
    journal={arXiv preprint arXiv:1701.00854},
    year={2017}
    }
    @article{marathe2006lowering,
    title={Lowering the overhead of nonblocking software transactional memory},
    author={Marathe, Virendra and Spear, Michael and Heriot, Christopher and Acharya, Athul and Eisenstat, David and Scherer, William and Scott, Michael},
    year={2006}
    }
