@inproceedings{boyd1993limitation,
  title={On a limitation of BAN logic},
  author={Boyd, Colin and Mao, Wenbo},
  booktitle={Workshop on the Theory and Application of of Cryptographic Techniques},
  pages={240--247},
  year={1993},
  organization={Springer}
}
@article{nessett1990critique,
  title={A critique of the Burrows, Abadi and Needham logic},
  author={Nessett, Dan M},
  journal={ACM SIGOPS Operating Systems Review},
  volume={24},
  number={2},
  pages={35--38},
  year={1990},
  publisher={ACM New York, NY, USA}
}
