%% LaTeX2e file `ref.bib'
%% generated by the `filecontents' environment
%% from source `presentation' on 2023/07/10.
%%
    @article{mckenney2017parallel,
    title={Is Parallel Programming Hard, And, If So, What Can You Do About It?(Release v2022. 09.25 a)},
    author={McKenney, Paul E},
    journal={arXiv preprint arXiv:1701.00854},
    year={2017}
    }
    @inproceedings{schwaricke2021real,
    title={A real-time virtio-based framework for predictable inter-VM communication},
    author={Schw{\"a}ricke, Gero and Tabish, Rohan and Pellizzoni, Rodolfo and Mancuso, Renato and Bastoni, Andrea and Zuepke, Alexander and Caccamo, Marco},
    booktitle={2021 IEEE Real-Time Systems Symposium (RTSS)},
    pages={27--40},
    year={2021},
    organization={IEEE}
    }
    @inproceedings{struhr,
    author = {V{\'a}clav Struh{\'a}r and Moris Behnam and Mohammad Ashjaei and Alessandro V. Papadopoulos},
    title = {{Real-Time Containers: A Survey}},
    booktitle = {2nd Workshop on Fog Computing and the IoT (Fog-IoT 2020)},
    year = {2020},
    }
    @inproceedings{barletta2022achieving,
    title={Achieving isolation in mixed-criticality industrial edge systems with real-time containers},
    author={Barletta, Marco and Cinque, Marcello and De Simone, Luigi and Della Corte, Raffaele},
    booktitle={34th Euromicro Conference on Real-Time Systems (ECRTS 2022)},
    year={2022},
    organization={Schloss Dagstuhl-Leibniz-Zentrum f{\"u}r Informatik}
    }
    @inproceedings{abranches2019shimmy,
    title={Shimmy: Shared memory channels for high performance inter-container communication},
    author={Abranches, Marcelo and Goodarzy, Sepideh},
    booktitle={USENIX Workshop on Hot Topics in Edge Computing (HotEdge)},
    year={2019}
    }
    @inproceedings{dechev2006lock,
    title={Lock-free dynamically resizable arrays},
    author={Dechev, Damian and Pirkelbauer, Peter and Stroustrup, Bjarne},
    booktitle={OPODIS},
    volume={4305},
    pages={142--156},
    year={2006},
    organization={Springer}
    }
    @inproceedings{yun2013memguard,
    title={Memguard: Memory bandwidth reservation system for efficient performance isolation in multi-core platforms},
    author={Yun, Heechul and Yao, Gang and Pellizzoni, Rodolfo and Caccamo, Marco and Sha, Lui},
    booktitle={2013 IEEE 19th Real-Time and Embedded Technology and Applications Symposium (RTAS)},
    pages={55--64},
    year={2013},
    organization={IEEE}
    }
