%% LaTeX2e file `ref.bib'
%% generated by the `filecontents' environment
%% from source `presentation' on 2023/04/24.
%%
    @inproceedings{struhr,
    author = {V{\'a}clav Struh{\'a}r and Moris Behnam and Mohammad Ashjaei and Alessandro V. Papadopoulos},
    title = {{Real-Time Containers: A Survey}},
    booktitle = {2nd Workshop on Fog Computing and the IoT (Fog-IoT 2020)},
    year = {2020},
    }
    @inproceedings{barletta2022achieving,
    title={Achieving isolation in mixed-criticality industrial edge systems with real-time containers},
    author={Barletta, Marco and Cinque, Marcello and De Simone, Luigi and Della Corte, Raffaele},
    booktitle={34th Euromicro Conference on Real-Time Systems (ECRTS 2022)},
    year={2022},
    organization={Schloss Dagstuhl-Leibniz-Zentrum f{\"u}r Informatik}
    }
    @inproceedings{abranches2019shimmy,
    title={Shimmy: Shared memory channels for high performance inter-container communication},
    author={Abranches, Marcelo and Goodarzy, Sepideh},
    booktitle={USENIX Workshop on Hot Topics in Edge Computing (HotEdge)},
    year={2019}
    }
