@inproceedings{du2020hart,
  title={Hart: Hardware-assisted kernel module tracing on arm},
  author={Du, Yunlan and Ning, Zhenyu and Xu, Jun and Wang, Zhilong and Lin, Yueh-Hsun and Zhang, Fengwei and Xing, Xinyu and Mao, Bing},
  booktitle={Computer Security--ESORICS 2020: 25th European Symposium on Research in Computer Security, ESORICS 2020, Guildford, UK, September 14--18, 2020, Proceedings, Part I 25},
  pages={316--337},
  year={2020},
  organization={Springer}
}
@incollection{matraszek2023frankentrace,
  title={FrankenTrace: Low-Cost, Cycle-Level, Widely Applicable Program Execution Tracing for ARM Cortex-M SoC},
  author={Matraszek, Maciej and Banaszek, Mateusz and Ciszewski, Wojciech and Iwanicki, Konrad},
  booktitle={Proceedings of Cyber-Physical Systems and Internet of Things Week 2023},
  pages={72--77},
  year={2023}
}
@inproceedings{ning2017ninja,
  title={Ninja: Towards Transparent Tracing and Debugging on $\{$ARM$\}$},
  author={Ning, Zhenyu and Zhang, Fengwei},
  booktitle={26th USENIX Security Symposium (USENIX Security 17)},
  pages={33--49},
  year={2017}
}
@inproceedings{li2022muafl,
  title={$\mu$AFL: non-intrusive feedback-driven fuzzing for microcontroller firmware},
  author={Li, Wenqiang and Shi, Jiameng and Li, Fengjun and Lin, Jingqiang and Wang, Wei and Guan, Le},
  booktitle={Proceedings of the 44th International Conference on Software Engineering},
  pages={1--12},
  year={2022}
}
@inproceedings{li2018hatbed,
  title={HATBED: Hardware assisted tracing testbed for embedded networked sensor systems},
  author={Li, Yi and Ma, Junyan and Zhang, Te},
  booktitle={Proceedings of the 16th ACM Conference on Embedded Networked Sensor Systems},
  pages={327--328},
  year={2018}
}
@misc{arm2020embedded,
  title={Embedded Trace Macrocell Architecture Specification ETMv4. 0 to ETM4. 6},
  author={Arm, LTD},
  year={2020}
}
@misc{arm2020tpiu,
  title={External Trace Width and Bandwidth},
  author={Arm, LTD},
  year={2020}
}
